% Encoding: UTF-8
@article{chen2020single,
  title={Single-cell molecular and cellular architecture of the mouse neurohypophysis},
  author={Chen, Qiyu and Leshkowitz, Dena and Blechman, Janna and Levkowitz, Gil},
  journal={Eneuro},
  volume={7},
  number={1},
  year={2020},
  publisher={Society for Neuroscience}
}
@article{cheung2018single,
  title={Single-cell RNA sequencing reveals novel markers of male pituitary stem cells and hormone-producing cell types},
  author={Cheung, Leonard YM and George, Akima S and McGee, Stacey R and Daly, Alexandre Z and Brinkmeier, Michelle L and Ellsworth, Buffy S and Camper, Sally A},
  journal={Endocrinology},
  volume={159},
  number={12},
  pages={3910--3924},
  year={2018},
  publisher={Endocrine Society Washington, DC}
}
@article{fletcher2019cell,
  title={Cell type-and sex-dependent transcriptome profiles of rat anterior pituitary cells},
  author={Fletcher, Patrick Allen and Smiljanic, Kosara and Maso Pr{\'e}vide, Rafael and Iben, James and Li, Tianwei and Rokic, Milos Boro and Sherman, Arthur and Coon, Steven L and Stojilkovic, Stanko S},
  journal={Frontiers in Endocrinology},
  volume={10},
  pages={623},
  year={2019},
  publisher={Frontiers}
}
@article{hammond2019single,
  title={Single-cell RNA sequencing of microglia throughout the mouse lifespan and in the injured brain reveals complex cell-state changes},
  author={Hammond, Timothy R and Dufort, Connor and Dissing-Olesen, Lasse and Giera, Stefanie and Young, Adam and Wysoker, Alec and Walker, Alec J and Gergits, Frederick and Segel, Michael and Nemesh, James and others},
  journal={Immunity},
  volume={50},
  number={1},
  pages={253--271},
  year={2019},
  publisher={Elsevier}
}
@article{ho2020single,
  title={Single-cell transcriptomic analysis of adult mouse pituitary reveals sexual dimorphism and physiologic demand-induced cellular plasticity},
  author={Ho, Yugong and Hu, Peng and Peel, Michael T and Chen, Sixing and Camara, Pablo G and Epstein, Douglas J and Wu, Hao and Liebhaber, Stephen A},
  journal={Protein \& Cell},
  pages={1--19},
  year={2020},
  publisher={Springer}
}
@article{keren2017unique,
  title={A unique microglia type associated with restricting development of Alzheimer’s disease},
  author={Keren-Shaul, Hadas and Spinrad, Amit and Weiner, Assaf and Matcovitch-Natan, Orit and Dvir-Szternfeld, Raz and Ulland, Tyler K and David, Eyal and Baruch, Kuti and Lara-Astaiso, David and Toth, Beata and others},
  journal={Cell},
  volume={169},
  number={7},
  pages={1276--1290},
  year={2017},
  publisher={Elsevier}
}
@article{li2019developmental,
  title={Developmental heterogeneity of microglia and brain myeloid cells revealed by deep single-cell RNA sequencing},
  author={Li, Qingyun and Cheng, Zuolin and Zhou, Lu and Darmanis, Spyros and Neff, Norma F and Okamoto, Jennifer and Gulati, Gunsagar and Bennett, Mariko L and Sun, Lu O and Clarke, Laura E and others},
  journal={Neuron},
  volume={101},
  number={2},
  pages={207--223},
  year={2019},
  publisher={Elsevier}
}
@article{masuda2019spatial,
  title={Spatial and temporal heterogeneity of mouse and human microglia at single-cell resolution},
  author={Masuda, Takahiro and Sankowski, Roman and Staszewski, Ori and B{\"o}ttcher, Chotima and Amann, Lukas and Scheiwe, Christian and Nessler, Stefan and Kunz, Patrik and van Loo, Geert and Coenen, Volker Arnd and others},
  journal={Nature},
  volume={566},
  number={7744},
  pages={388--392},
  year={2019},
  publisher={Nature Publishing Group}
}
@article{masuda2020novel,
  title={Novel Hexb-based tools for studying microglia in the CNS},
  author={Masuda, Takahiro and Amann, Lukas and Sankowski, Roman and Staszewski, Ori and Lenz, Maximilian and Snaidero, Nicolas and Jord{\~a}o, Marta Joana Costa and B{\"o}ttcher, Chotima and Kierdorf, Katrin and Jung, Steffen and others},
  journal={Nature Immunology},
  volume={21},
  number={7},
  pages={802--815},
  year={2020},
  publisher={Nature Publishing Group}
}
@article{matcovitch2016microglia,
  title={Microglia development follows a stepwise program to regulate brain homeostasis},
  author={Matcovitch-Natan, Orit and Winter, Deborah R and Giladi, Amir and Aguilar, Stephanie Vargas and Spinrad, Amit and Sarrazin, Sandrine and Ben-Yehuda, Hila and David, Eyal and Gonz{\'a}lez, Fabiola Zelada and Perrin, Pierre and others},
  journal={Science},
  volume={353},
  number={6301},
  year={2016},
  publisher={American Association for the Advancement of Science}
}
@article{traag2019louvain,
  title={From Louvain to Leiden: guaranteeing well-connected communities},
  author={Traag, Vincent A and Waltman, Ludo and van Eck, Nees Jan},
  journal={Scientific reports},
  volume={9},
  number={1},
  pages={1--12},
  year={2019},
  publisher={Nature Publishing Group}
}
@article{kurimoto2006improved,
  title={An improved single-cell cDNA amplification method for efficient high-density oligonucleotide microarray analysis},
  author={Kurimoto, Kazuki and Yabuta, Yukihiro and Ohinata, Yasuhide and Ono, Yukiko and Uno, Kenichiro D and Yamada, Rikuhiro G and Ueda, Hiroki R and Saitou, Mitinori},
  journal={Nucleic acids research},
  volume={34},
  number={5},
  pages={e42--e42},
  year={2006},
  publisher={Oxford University Press}
}
@article{tang2009mrna,
  title={mRNA-Seq whole-transcriptome analysis of a single cell},
  author={Tang, Fuchou and Barbacioru, Catalin and Wang, Yangzhou and Nordman, Ellen and Lee, Clarence and Xu, Nanlan and Wang, Xiaohui and Bodeau, John and Tuch, Brian B and Siddiqui, Asim and others},
  journal={Nature methods},
  volume={6},
  number={5},
  pages={377--382},
  year={2009},
  publisher={Nature Publishing Group}
}
@article{islam2011characterization,
  title={Characterization of the single-cell transcriptional landscape by highly multiplex RNA-seq},
  author={Islam, Saiful and Kj{\"a}llquist, Una and Moliner, Annalena and Zajac, Pawel and Fan, Jian-Bing and L{\"o}nnerberg, Peter and Linnarsson, Sten},
  journal={Genome research},
  volume={21},
  number={7},
  pages={1160--1167},
  year={2011},
  publisher={Cold Spring Harbor Lab}
}
@article{svensson2018exponential,
  title={Exponential scaling of single-cell RNA-seq in the past decade},
  author={Svensson, Valentine and Vento-Tormo, Roser and Teichmann, Sarah A},
  journal={Nature protocols},
  volume={13},
  number={4},
  pages={599--604},
  year={2018},
  publisher={Nature Publishing Group}
}
@article{schmidt1999capselect,
  title={CapSelect: a highly sensitive method for 5′ CAP-dependent enrichment of full-length cDNA in PCR-mediated analysis of mRNAs},
  author={Schmidt, Wolfgang M and Mueller, Manfred W},
  journal={Nucleic acids research},
  volume={27},
  number={21},
  pages={e31--i},
  year={1999},
  publisher={Oxford University Press}
}
@article{hashimshony2016cel,
  title={CEL-Seq2: sensitive highly-multiplexed single-cell RNA-Seq},
  author={Hashimshony, Tamar and Senderovich, Naftalie and Avital, Gal and Klochendler, Agnes and de Leeuw, Yaron and Anavy, Leon and Gennert, Dave and Li, Shuqiang and Livak, Kenneth J and Rozenblatt-Rosen, Orit and others},
  journal={Genome biology},
  volume={17},
  number={1},
  pages={77},
  year={2016},
  publisher={Springer}
}
@article{kivioja2012counting,
  title={Counting absolute numbers of molecules using unique molecular identifiers},
  author={Kivioja, Teemu and V{\"a}h{\"a}rautio, Anna and Karlsson, Kasper and Bonke, Martin and Enge, Martin and Linnarsson, Sten and Taipale, Jussi},
  journal={Nature methods},
  volume={9},
  number={1},
  pages={72--74},
  year={2012},
  publisher={Nature Publishing Group}
}
@article{pan2013two,
  title={Two methods for full-length RNA sequencing for low quantities of cells and single cells},
  author={Pan, Xinghua and Durrett, Russell E and Zhu, Haiying and Tanaka, Yoshiaki and Li, Yumei and Zi, Xiaoyuan and Marjani, Sadie L and Euskirchen, Ghia and Ma, Chao and LaMotte, Robert H and others},
  journal={Proceedings of the National Academy of Sciences},
  volume={110},
  number={2},
  pages={594--599},
  year={2013},
  publisher={National Acad Sciences}
}
@article{chapman2015single,
  title={Single cell transcriptome amplification with MALBAC},
  author={Chapman, Alec R and He, Zi and Lu, Sijia and Yong, Jun and Tan, Longzhi and Tang, Fuchou and Xie, X Sunney},
  journal={PLoS One},
  volume={10},
  number={3},
  pages={e0120889},
  year={2015},
  publisher={Public Library of Science}
}
@article{liu2016single,
  title={Single-cell transcriptome sequencing: recent advances and remaining challenges},
  author={Liu, Serena and Trapnell, Cole},
  journal={F1000Research},
  volume={5},
  year={2016},
  publisher={Faculty of 1000 Ltd}
}
@article{junker2014every,
  title={Every cell is special: genome-wide studies add a new dimension to single-cell biology},
  author={Junker, Jan Philipp and van Oudenaarden, Alexander},
  journal={Cell},
  volume={157},
  number={1},
  pages={8--11},
  year={2014},
  publisher={Elsevier}
}
@article{ramskold2012full,
  title={Full-length mRNA-Seq from single-cell levels of RNA and individual circulating tumor cells},
  author={Ramsk{\"o}ld, Daniel and Luo, Shujun and Wang, Yu-Chieh and Li, Robin and Deng, Qiaolin and Faridani, Omid R and Daniels, Gregory A and Khrebtukova, Irina and Loring, Jeanne F and Laurent, Louise C and others},
  journal={Nature biotechnology},
  volume={30},
  number={8},
  pages={777--782},
  year={2012},
  publisher={Nature Publishing Group}
}
@article{picelli2013smart,
  title={Smart-seq2 for sensitive full-length transcriptome profiling in single cells},
  author={Picelli, Simone and Bj{\"o}rklund, {\AA}sa K and Faridani, Omid R and Sagasser, Sven and Winberg, G{\"o}sta and Sandberg, Rickard},
  journal={Nature methods},
  volume={10},
  number={11},
  pages={1096--1098},
  year={2013},
  publisher={Nature Publishing Group}
}
@article{selye1950stress,
  title={Stress and the general adaptation syndrome},
  author={Selye, Hans},
  journal={British medical journal},
  volume={1},
  number={4667},
  pages={1383},
  year={1950},
  publisher={BMJ Publishing Group}
}

